@book{maguis2010redigez,
  title={Rédigez des documents de qualité avec LaTeX},
  author={Maguis, Noël-Arnaud},
  year={2010},
  publisher={Livre du Zéro}
}
@book{desgraupes2003latex,
  title={LATEX: apprentissage, guide et référence},
  author={Desgraupes, Bernard},
  year={2003},
  publisher={Vuibert informatique}
}
@book{bitouze2010latex,
  title={LATEX, l’essentiel},
  author={Bitouzé, Denis and Charpentier, Jean-Côme},
  year={2010},
  publisher={Pearson Education France}
}
@book{lamport1985i1,
  title={\LaTeX---A Document},
  author={Lamport, Leslie},
  volume={410},
  year={1985},
  publisher={pub-AW}
}

% Exemple de référence WEB
@misc{openclassroomLaTeX,
  title        = {Rédigez des documents de qualité avec LaTeX},
  howpublished = {\url{http://fr.openclassrooms.com/informatique/cours/redigez-des-documents-de-qualite-avec-latex}},
  author = {Maguis, Noël-Arnaud},
  year={2013},
  note = {Accédé le 30 août 2014}
}
@misc{afis_accueil,  
  author = {{{AFIS}}},
  title = {Accueil - Notre Métier: L'ingénierie Système},
  howpublished = {\url{http://www.afis.fr/nm-is/default.aspx}},
  url = {\url{http://www.afis.fr/nm-is/default.aspx}},
  year={2010},
  note = {Accédé le 30 août 2014}
}

% Exemple d'articles tous les champs ne sont pas obligatoire...
@article{sebastiani2002machine,
  title={Machine learning in automated text categorization},
  author={Sebastiani, Fabrizio},
  journal={ACM computing surveys (CSUR)},
  volume={34},
  number={1},
  pages={1--47},
  year={2002},
  publisher={ACM}
}



