% This file was created with JabRef 2.10.
% Encoding: ISO8859_1


@Article{andreTypo,
  Title                    = {Petites leçons de typographie},
  Author                   = {André, Jacques},
  Journaltitle             = {IRISA},
  Year                     = {1990},
  Langid                   = {french},
  Url                      = {http://jacques-andre.fr/faqtypo/lessons.pdf},

  Owner                    = {roderic},
  Timestamp                = {2014.04.28}
}

@Online{typoUS,
  Title                    = {Mémento de typographie anglaise à l'usage de rédacteurs francophones},
  Author                   = {Lacroix, Dominique},
  Date                     = {2007-10-03},
  Url                      = {http://www.infotheque.info/cache/9491/www.panamo.com/RESS/anglais.html},
  Year                     = {2007},
  Langid                   = {french},

  Owner                    = {roderic},
  Timestamp                = {2014.04.28}
}

@Report{guide,
  Title                    = {Guide de rédaction de rapport de projet},
  Author                   = {Mouchot, M.C.},
  Institution              = {Telecom Bretagne},
  Type                     = {Guide},
  Year                     = {2008},
  Langid                   = {french},

  Owner                    = {roderic},
  Timestamp                = {2014.04.22}
}

@Book{tufte,
  Title                    = {The Visual Display of Quantitative Information},
  Author                   = {Tufte, Edward R.},
  Year                     = {2001},
  Publisher                = {Graphic Press},

  Langid                   = {english},
  Owner                    = {roderic},
  Timestamp                = {2014.04.23}
}

